<?xml version="1.0" encoding="UTF-8"?><collection xmlns="http://www.loc.gov/MARC21/slim"><record><leader>00643nam--2200193-u-4500</leader><controlfield tag="001">000055990</controlfield><controlfield tag="002">20161230</controlfield><controlfield tag="005">20161230201052</controlfield><controlfield tag="008">140225s1000------------r-----000-0-eng-d</controlfield><datafield ind1=" " ind2=" " tag="020"><subfield code="a">9738581842</subfield></datafield><datafield ind1=" " ind2=" " tag="040"><subfield code="a">IFIN-HH</subfield></datafield><datafield ind1=" " ind2=" " tag="080"><subfield code="a">666.1</subfield></datafield><datafield ind1="1" ind2=" " tag="100"><subfield code="a">Bletskan, D.I</subfield></datafield><datafield ind1="1" ind2="0" tag="245"><subfield code="a">Crystalline and glassy chalcogenides based on si, ge, and sn part 1: binary and ternary systems translated mihai i popescu</subfield><subfield code="b">Optoelectronic materials and devices vol. 3</subfield><subfield code="c">D.i. bletskan</subfield></datafield><datafield ind1=" " ind2=" " tag="260"><subfield code="a">Bucharest</subfield><subfield code="b">Inoe</subfield><subfield code="c">2005</subfield></datafield><datafield ind1=" " ind2=" " tag="300"><subfield code="a">105P</subfield></datafield><datafield ind1=" " ind2=" " tag="490"><subfield code="a">Optoelectronic Materials And Devices</subfield><subfield code="v">Vol. 3</subfield></datafield><datafield ind1=" " ind2=" " tag="852"><subfield code="a">82317</subfield><subfield code="c">537.533.35</subfield></datafield><datafield ind1=" " ind2=" " tag="CAT"><subfield code="a">Sys</subfield><subfield code="c">20140225</subfield><subfield code="h">151509</subfield></datafield></record></collection>